@misc{mathlib4,
  author = {Mathlib Community},
  title = {Mathlib4: A Lean Mathematical Library},
  year = {2023},
  howpublished = {\url{ https://github.com/leanprover-community/mathlib4}},
}
